<record><leader>01624cgm a2200385 a 4500</leader><controlfield tag="001">1344415</controlfield><controlfield tag="007">vf cbaho</controlfield><controlfield tag="008">901218s1985    inu    f          vneng c</controlfield><datafield ind1=" " ind2=" " tag="035"><subfield code="a">ocm70308523</subfield></datafield><datafield ind1=" " ind2=" " tag="040"><subfield code="b">eng</subfield></datafield><datafield ind1=" " ind2=" " tag="049"><subfield code="a">AEU</subfield><subfield code="b">eng</subfield></datafield><datafield ind1=" " ind2="3" tag="055"><subfield code="a">LB 1050.45</subfield><subfield code="b">S472 1985</subfield></datafield><datafield ind1="0" ind2=" " tag="090"><subfield code="a">LB 1050.45 S472 1985</subfield></datafield><datafield ind1="0" ind2="0" tag="245"><subfield code="a">Semantic mapping</subfield><subfield code="h">[videorecording] /</subfield><subfield code="c">produced by Wisconsin Educational Television Network and U.S. Department of Education.</subfield></datafield><datafield ind1=" " ind2=" " tag="260"><subfield code="a">Bloomington, IN :</subfield><subfield code="b">Agency for Instructional Technology,</subfield><subfield code="c">c1985.</subfield></datafield><datafield ind1=" " ind2=" " tag="300"><subfield code="a">1 videocassette (VHS) (30 min.) :</subfield><subfield code="b">sd., col. ;</subfield><subfield code="c">1/2 in. +</subfield><subfield code="e">1 viewer's guide.</subfield></datafield><datafield ind1=" " ind2=" " tag="336"><subfield code="a">two-dimensional moving image</subfield><subfield code="b">tdi</subfield><subfield code="2">rdacontent</subfield></datafield><datafield ind1=" " ind2=" " tag="337"><subfield code="a">video</subfield><subfield code="b">v</subfield><subfield code="2">rdamedia</subfield></datafield><datafield ind1=" " ind2=" " tag="338"><subfield code="a">videocassette</subfield><subfield code="b">vf</subfield><subfield code="2">rdacarrier</subfield></datafield><datafield ind1="1" ind2=" " tag="490"><subfield code="a">Teaching reading comprehension.</subfield><subfield code="v">program 4</subfield></datafield><datafield ind1=" " ind2=" " tag="500"><subfield code="a">Closed-captioned.</subfield></datafield><datafield ind1="0" ind2=" " tag="511"><subfield code="a">With Sandra Dahl, Mary Jett-Simpson; Dale Johnson.</subfield></datafield><datafield ind1=" " ind2=" " tag="520"><subfield code="a">Defines what a semantic map is and demonstrates how semantic maps are particularly effective as a teaching technique.</subfield></datafield><datafield ind1=" " ind2=" " tag="596"><subfield code="a">41</subfield></datafield><datafield ind1=" " ind2="0" tag="650"><subfield code="a">Reading comprehension</subfield><subfield code="x">Study and teaching (Elementary)</subfield></datafield><datafield ind1=" " ind2="0" tag="650"><subfield code="a">Vocabulary.</subfield></datafield><datafield ind1=" " ind2="0" tag="650"><subfield code="a">Concept learning.</subfield></datafield><datafield ind1=" " ind2="0" tag="650"><subfield code="a">Association of ideas.</subfield></datafield><datafield ind1="1" ind2=" " tag="700"><subfield code="a">Johnson, Dale D.</subfield></datafield><datafield ind1="1" ind2=" " tag="700"><subfield code="a">Jett-Simpson, Mary,</subfield><subfield code="d">1938-</subfield></datafield><datafield ind1="1" ind2=" " tag="700"><subfield code="a">Dahl, Sandra</subfield><subfield code="q">(Sandra Sue)</subfield></datafield><datafield ind1="1" ind2=" " tag="710"><subfield code="a">United States.</subfield><subfield code="b">Department of Education.</subfield></datafield><datafield ind1="2" ind2=" " tag="710"><subfield code="a">Wisconsin Educational Television Network.</subfield></datafield><datafield ind1=" " ind2="0" tag="830"><subfield code="a">Teaching reading comprehension. ;</subfield><subfield code="v">program 4.</subfield></datafield><datafield ind1=" " ind2=" " tag="926"><subfield code="a">LB 1050.45 S472 1985</subfield><subfield code="w">LC</subfield><subfield code="c">1</subfield><subfield code="i">000035265396</subfield><subfield code="d">10/9/2002</subfield><subfield code="l">CCBCC</subfield><subfield code="m">UAEDUC</subfield><subfield code="n">5</subfield><subfield code="p">$150.00</subfield><subfield code="r">Y</subfield><subfield code="s">Y</subfield><subfield code="t">VIDEO</subfield><subfield code="u">1/4/1991</subfield></datafield></record>